@Book{Pohlmann2010,
author = {Pohlmann, K.},
title = {Principles of Digital Audio},
edition = 6,
publisher = {McGraw-Hill Professional},
year = 2010,
address = {New York},
ISBN = {978-0071663472},
langid = {english},
}
@Book{HayAFT,
author = {Haykin, S.},
title = {Adaptive Filter Theory},
edition = 5,
publisher = {Pearson},
year = 2013,
address = {London},
ISBN = {978-0132671453},
langid = {english},
}
@Book{HayLMSAF,
author = {Haykin, S.},
editor = {Widrow, B.},
title = {Least-Mean-Square Adaptive Filters},
publisher = {John Wiley \& Sons Inc},
year = 2003,
address = {Hoboken, United States},
ISBN = {978-0471215707},
langid = {english},
}
@Manual{JabraEvolve80,
title = {Jabra Evolve 80 User Manual},
publisher = {GN Netcom A/S},
year = 2014,
address = {Ballerup, Denmark},
accessed = {October, 23, 2019},
langid = {english},
}
@Patent{LuegPatent,
title = {Process of silencing sound oscillations},
author = {Paul Lueg},
publisher = {United States Patent Office},
number = 2043416,
year = 1936,
langid = {english},
}
@Manual{speakeropamp,
title = {Maxim MAX4466 Datasheet},
publisher = {Maxim Integrated Products},
address = {Sunnyvale, CA, USA},
year = 2001,
langid = {english},
}
@Article{ANC4HP,
author = {S.M. Kuo; S.Mitra; Woon-Seng Gan}, 
title = {Active noise control system for headphone applications},
journal = {IEEE Transactions on Control Systems Technology},
year = 2006,
number = 2,
pages = {331-335},
month = 2,
volume = 14,
}